#FLAGGA 0
#PROGRAM Foonomic 3.11
#FORMAT PC8
#GEN 20140101
#SIETYP 4
#FNAMN Foocorp
#ORGNR 
#ADRESS 
#RAR 0 20130101 20131231
#RAR -1 20120101 20121231
#RAR -2 20110101 20111231
#KONTO 1500 "Customer ledger"
#DIM 6 Project
#OBJEKT 6 1 Education
#IB 0 1500 1600.00
#IB 0 2400 2500.00
#UB 0 1500 4603.64
#UB 0 2400 5503.64
#RES 0 3100 6203.64
#IB -1 1500 1600.00
#IB -1 2400 2500.00
#UB -1 1500 4603.65
#UB -1 2400 5503.65
#RES -1 3100 6203.65
#IB -2 1500 1600.00
#IB -2 2400 2500.00
#UB -2 1500 4603.64
#UB -2 2400 5503.64
#RES -2 3100 6203.64
#VER KF 1 20110903 "Invoice 1"
{
#TRANS 1500 {6 1} 512.00 20110903 "Item 1"
#TRANS 3100 {6 1} -512.00 20110903 "Item 1"
}
#VER KB 2 20120831 "Payout 1"
{
#TRANS 2400 {} 256.50 "" "Payout line 1"
#TRANS 1970 {} -256.50
}
#VER KF 3 20120901 "Invoice 2"
{
#BTRANS 1501 {6 1} 512.00 20121001 "Item 1" "" James
#TRANS 1501 {6 1} 512.00 "" "Item 1"
#TRANS 3100 {6 1} -512.00 20120901 "Item 1"
#RTRANS 1500 {6 1} 512.00 20121001 "Item 1" "" James
#TRANS 1500 {6 1} 512.00 "" "Item 1"
}
